<record><leader>00000cas a2200000 a 4500</leader><controlfield tag="001">8810728</controlfield><controlfield tag="008">820927d185u186uiluwr ne      0   a0eng  </controlfield><datafield ind1=" " ind2=" " tag="010"><subfield code="a">sn 82014560 </subfield></datafield><datafield ind1=" " ind2=" " tag="040"><subfield code="a">DLC</subfield><subfield code="b">eng</subfield><subfield code="c">DLC</subfield><subfield code="d">NPX</subfield><subfield code="d">DLC</subfield><subfield code="d">NVF</subfield><subfield code="d">OCL</subfield><subfield code="d">CVF</subfield><subfield code="d">OCL</subfield><subfield code="d">NVF</subfield><subfield code="d">OCLCO</subfield><subfield code="d">OCLCF</subfield><subfield code="d">NVF</subfield></datafield><datafield ind1=" " ind2=" " tag="019"><subfield code="a">15367887</subfield></datafield><datafield ind1=" " ind2=" " tag="042"><subfield code="a">pcc</subfield></datafield><datafield ind1=" " ind2=" " tag="043"><subfield code="a">n-us-il</subfield></datafield><datafield ind1="0" ind2="0" tag="050"><subfield code="a">Newspaper 7682</subfield></datafield><datafield ind1="0" ind2="0" tag="245"><subfield code="a">Quincy weekly Whig and Republican.</subfield></datafield><datafield ind1="1" ind2="3" tag="246"><subfield code="a">Weekly Quincy Whig and Republican</subfield></datafield><datafield ind1="1" ind2="3" tag="246"><subfield code="a">Weekly Whig and Republican</subfield><subfield code="f">&lt;Mar. 31, 1860&gt;</subfield></datafield><datafield ind1=" " ind2=" " tag="260"><subfield code="a">Quincy, Ill. :</subfield><subfield code="b">Morton &amp; Dallam</subfield></datafield><datafield ind1="2" ind2=" " tag="260"><subfield code="3">&lt;Mar. 31, 1860&gt;-June 4, 1864</subfield><subfield code="a">Quincy, Ill. :</subfield><subfield code="b">Jas. J. Jangdon</subfield></datafield><datafield ind1="3" ind2=" " tag="260"><subfield code="3">June 11, 1864-&lt;June 9, 1866&gt;</subfield><subfield code="a">Quincy, Ill. :</subfield><subfield code="b">Langdon &amp; Holt</subfield></datafield><datafield ind1=" " ind2=" " tag="300"><subfield code="a">v.</subfield></datafield><datafield ind1=" " ind2=" " tag="310"><subfield code="a">Weekly</subfield></datafield><datafield ind1=" " ind2=" " tag="500"><subfield code="a">"Weekly" appears in small type above title ornament, &lt;Mar. 31, 1860-June 9, 1866&gt;. "And" appears within ornament, Apr. 6, 1861-&lt;June 9, 1866&gt;.</subfield></datafield><datafield ind1=" " ind2=" " tag="515"><subfield code="a">Numbering is irregular.</subfield></datafield><datafield ind1=" " ind2=" " tag="580"><subfield code="a">Formed by the union of: Quincy weekly Whig (Quincy, Ill. : 1856) and: Quincy weekly Republican.</subfield></datafield><datafield ind1=" " ind2=" " tag="588"><subfield code="a">Description based on: Vol. 21, no. 9 (May 22, 1858).</subfield></datafield><datafield ind1=" " ind2=" " tag="588"><subfield code="a">Latest issue consulted: Vol. 29, no. 11 (June 9, 1866).</subfield></datafield><datafield ind1=" " ind2="0" tag="651"><subfield code="a">Quincy (Ill.)</subfield><subfield code="v">Newspapers.</subfield></datafield><datafield ind1=" " ind2="7" tag="651"><subfield code="a">Illinois</subfield><subfield code="z">Quincy.</subfield><subfield code="2">fast</subfield><subfield code="0">(OCoLC)fst01212078</subfield></datafield><datafield ind1=" " ind2="7" tag="655"><subfield code="a">Newspapers.</subfield><subfield code="2">fast</subfield><subfield code="0">(OCoLC)fst01423814</subfield></datafield><datafield ind1=" " ind2=" " tag="752"><subfield code="a">United States</subfield><subfield code="b">Illinois</subfield><subfield code="c">Adams County</subfield><subfield code="d">Quincy.</subfield></datafield><datafield ind1="0" ind2=" " tag="775"><subfield code="t">Quincy daily Whig and Republican</subfield><subfield code="w">(DLC)sn 82014535</subfield><subfield code="w">(OCoLC)8792299</subfield></datafield><datafield ind1="1" ind2="4" tag="780"><subfield code="t">Quincy weekly Whig (Quincy, Ill. : 1856)</subfield><subfield code="w">(DLC)sn 92054619</subfield><subfield code="w">(OCoLC)26060331</subfield></datafield><datafield ind1="1" ind2="4" tag="780"><subfield code="t">Quincy weekly Republican</subfield><subfield code="w">(DLC)sn2005062028</subfield><subfield code="w">(OCoLC)57483752</subfield></datafield><datafield ind1="0" ind2="0" tag="785"><subfield code="t">Quincy Whig and Republican</subfield><subfield code="w">(DLC)sn 92054620</subfield><subfield code="w">(OCoLC)26061164</subfield></datafield><datafield ind1="1" ind2=" " tag="029"><subfield code="a">AU@</subfield><subfield code="b">000005316986</subfield></datafield></record>